<?xml version="1.0" encoding="UTF-8"?><collection xmlns="http://www.loc.gov/MARC21/slim"><record><leader>00321nam--2200133-i-4500</leader><controlfield tag="001">000030434</controlfield><controlfield tag="002">20161230</controlfield><controlfield tag="005">20161230201038</controlfield><controlfield tag="008">060222s1000------------r-----000-0-eng-d</controlfield><datafield ind1=" " ind2=" " tag="100"><subfield code="a">Willis, H</subfield></datafield><datafield ind1=" " ind2=" " tag="260"><subfield code="a">N-o Compouns</subfield></datafield><datafield ind1=" " ind2=" " tag="490"><subfield code="a">Irscot. Infrared Structural Correlation Tables</subfield></datafield><datafield ind1=" " ind2=" " tag="700"><subfield code="a">Miller, R.G</subfield></datafield><datafield ind1=" " ind2=" " tag="852"><subfield code="a">541.12.03</subfield></datafield></record></collection>